@article{rosenblum1992design,
  title={The design and implementation of a log-structured file system},
  author={Rosenblum, Mendel and Ousterhout, John K},
  journal={ACM Transactions on Computer Systems (TOCS)},
  volume={10},
  number={1},
  pages={26--52},
  year={1992},
  publisher={ACM New York, NY, USA}
}

@inproceedings{tweedie1998journaling,
  title={Journaling the Linux ext2fs filesystem},
  author={Tweedie, Stephen C and others},
  booktitle={The Fourth Annual Linux Expo},
  year={1998},
  organization={Durham, North Carolina}
}

@article{walter2005kryder,
  title={Kryderâ€™s law},
  author={Walter, Chip},
  journal={Scientific American},
  volume={293},
  number={2},
  pages={32--33},
  year={2005},
  publisher={Scientific American, a division of Nature America, Inc.}
}
