@article{waldspurger2002memory,
  title={Memory resource management in VMware ESX server},
  author={Waldspurger, Carl A},
  journal={ACM SIGOPS Operating Systems Review},
  volume={36},
  number={SI},
  pages={181--194},
  year={2002},
  publisher={ACM New York, NY, USA}
}
