@inproceedings{clements2013radixvm,
  title={RadixVM: Scalable address spaces for multithreaded applications},
  author={Clements, Austin T and Kaashoek, M Frans and Zeldovich, Nickolai},
  booktitle={Proceedings of the 8th ACM European Conference on Computer Systems},
  pages={211--224},
  year={2013}
}
