@inproceedings{tweedie1998journaling,
  title={Journaling the Linux ext2fs filesystem},
  author={Tweedie, Stephen C and others},
  booktitle={The Fourth Annual Linux Expo},
  year={1998},
  organization={Durham, North Carolina}
}