@inproceedings{ghemawat2003google,
  title={The Google file system},
  author={Ghemawat, Sanjay and Gobioff, Howard and Leung, Shun-Tak},
  booktitle={Proceedings of the nineteenth ACM symposium on Operating systems principles},
  pages={29--43},
  year={2003}
}

 @misc{google_coorp_info,
 author = {{Google}}, 
 title={Google Corporate Information: Who's behind Google},
 url={https://web.archive.org/web/20030701065913/www2.google.com/corporate/execs.html},  
 year={2003}, month={Jul}} 
 
  @misc{katje_2020, title={Here's how long it took google to reach a $100B market cap}, url={https://web.archive.org/web/20201025092112/https://finance.yahoo.com/news/heres-long-took-google-reach-152710274.html}, journal={Wayback Machine}, publisher={Yahoo Finance}, author={Katje, Chris}, year={2020}, month={Oct}} 