@inproceedings{ousterhout2019shenango,
  title={Shenango: Achieving high $\{$CPU$\}$ efficiency for latency-sensitive datacenter workloads},
  author={Ousterhout, Amy and Fried, Joshua and Behrens, Jonathan and Belay, Adam and Balakrishnan, Hari},
  booktitle={16th USENIX Symposium on Networked Systems Design and Implementation (NSDI 19)},
  pages={361--378},
  year={2019}
}

@inproceedings{fried2020caladan,
  title={Caladan: Mitigating interference at microsecond timescales},
  author={Fried, Joshua and Ruan, Zhenyuan and Ousterhout, Amy and Belay, Adam},
  booktitle={14th USENIX Symposium on Operating Systems Design and Implementation (OSDI 20)},
  pages={281--297},
  year={2020}
}

 @misc{dpdk , 
  title={DPDK Boosts Packet Processing Performance and Throughput. }, 
  note={http://www.intel.com/go/dpdk}, 
  journal={DPDK Boosts Packet Processing, Performance, and Throughput}, publisher={Intel}
  } 