@article{ritchie1978unix,
  title={The UNIX time-sharing system},
  author={Ritchie, Dennis M and Thompson, Ken},
  journal={Bell System Technical Journal},
  volume={57},
  number={6},
  pages={1905--1929},
  year={1978},
  publisher={Wiley Online Library}
}

 @misc{torvalds_2007, title={Futex Asynchronous Interface}, url={https://yarchive.net/comp/linux/everything_is_file.html}, journal={fa.linux.kernel}, author={Torvalds, Linus}, year={2007}, month={Mar}} 
 
 @misc{richie_benet_1999, title={Interview with Dennis M. Ritchie}, url={http://www.linuxfocus.org/English/July1999/article79.html}, journal={linuxfocus.org}, author={Richie, Dennis and Benet, Manuel}, year={1999}, month={Jul}} 