@article{clements2015scalable,
    title={The scalable commutativity rule: Designing scalable software for multicore processors},
    author={Clements, Austin T and Kaashoek, M Frans and Zeldovich, Nickolai and Morris, Robert T and Kohler, Eddie},
    journal={ACM Transactions on Computer Systems (TOCS)},
    volume={32},
    number={4},
    pages={1--47},
    year={2015},
    publisher={ACM New York, NY, USA}
}
@misc{clementssV6,
    author={Clements, Austin T},
    title={sv6 Project},
    note={https://github.com/aclements/sv6},  
    year={2015},
    commit = {9271b3fad68e27e9ed678766521e5135b3858f86}
} 
