@inproceedings{belay2014ix,
  title={$\{$IX$\}$: a protected dataplane operating system for high throughput and low latency},
  author={Belay, Adam and Prekas, George and Klimovic, Ana and Grossman, Samuel and Kozyrakis, Christos and Bugnion, Edouard},
  booktitle={11th USENIX Symposium on Operating Systems Design and Implementation (OSDI 14)},
  pages={49--65},
  year={2014}
}
@inproceedings{belay2012dune,
  title={Dune: Safe user-level access to privileged $\{$CPU$\}$ features},
  author={Belay, Adam and Bittau, Andrea and Mashtizadeh, Ali and Terei, David and Mazi{\`e}res, David and Kozyrakis, Christos},
  booktitle={10th USENIX Symposium on Operating Systems Design and Implementation (OSDI 12)},
  pages={335--348},
  year={2012}
}
@inproceedings{jose2011memcached,
  title={Memcached design on high performance rdma capable interconnects},
  author={Jose, Jithin and Subramoni, Hari and Luo, Miao and Zhang, Minjia and Huang, Jian and Wasi-ur-Rahman, Md and Islam, Nusrat S and Ouyang, Xiangyong and Wang, Hao and Sur, Sayantan and others},
  booktitle={2011 International Conference on Parallel Processing},
  pages={743--752},
  year={2011},
  organization={IEEE}
}

