@inproceedings{hendrickson2016serverless,
  title={Serverless Computation with $\{$OpenLambda$\}$},
  author={Hendrickson, Scott and Sturdevant, Stephen and Harter, Tyler and Venkataramani, Venkateshwaran and Arpaci-Dusseau, Andrea C and Arpaci-Dusseau, Remzi H},
  booktitle={8th USENIX Workshop on Hot Topics in Cloud Computing (HotCloud 16)},
  year={2016}
}
