@article{larus2010singularity,
  title={The singularity system},
  author={Larus, James and Hunt, Galen},
  journal={Communications of the ACM},
  volume={53},
  number={8},
  pages={72--79},
  year={2010},
  publisher={ACM New York, NY, USA}
}

@article{matsakis2014rust,
  title={The rust language},
  author={Matsakis, Nicholas D and Klock, Felix S},
  journal={ACM SIGAda Ada Letters},
  volume={34},
  number={3},
  pages={103--104},
  year={2014},
  publisher={ACM New York, NY, USA}
}

@incollection{goodwill2015swift,
  title={The swift programming language},
  author={Goodwill, James and Matlock, Wesley},
  booktitle={Beginning Swift Games Development for iOS},
  pages={219--244},
  year={2015},
  publisher={Springer}
}

