@inproceedings{ritchie1979evolution,
  title={The evolution of the Unix time-sharing system},
  author={Ritchie, Dennis M},
  booktitle={Symposium on Language Design and Programming Methodology},
  pages={25--35},
  year={1979},
  organization={Springer}
}

@article{ritchie1978unix,
  title={The UNIX time-sharing system},
  author={Ritchie, Dennis M and Thompson, Ken},
  journal={Bell System Technical Journal},
  volume={57},
  number={6},
  pages={1905--1929},
  year={1978},
  publisher={Wiley Online Library}
}

@book{kernighan1988c,
  title={The C programming language},
  author={Kernighan, Brian W and Ritchie, Dennis M},
  year={1988},
  publisher={Pearson Educaci{\'o}n}
}
