@inproceedings{navarro2002practical,
  title={Practical, transparent operating system support for superpages},
  author={Navarro, Juan and Iyer, Sitaram and Cox, Alan},
  booktitle={5th Symposium on Operating Systems Design and Implementation (OSDI 02)},
  year={2002}
}

@article{kandiraju2002characterizing,
  title={Characterizing the d-TLB behavior of SPEC CPU2000 benchmarks},
  author={Kandiraju, Gokul B and Sivasubramaniam, Anand},
  journal={ACM SIGMETRICS Performance Evaluation Review},
  volume={30},
  number={1},
  pages={129--139},
  year={2002},
  publisher={ACM New York, NY, USA}
}
