@inproceedings{waldspurger1994lottery,
  title={Lottery scheduling: Flexible proportional-share resource management},
  author={Waldspurger, Carl A and Weihl, William E},
  booktitle={Proceedings of the 1st USENIX conference on Operating Systems Design and Implementation},
  pages={1--es},
  year={1994}
}

@article{park1988random,
  title={Random number generators: good ones are hard to find},
  author={Park, Stephen K. and Miller, Keith W.},
  journal={Communications of the ACM},
  volume={31},
  number={10},
  pages={1192--1201},
  year={1988},
  publisher={ACM New York, NY, USA}
}
