@article{anderson1992scheduler,
  title={Scheduler activations: Effective kernel support for the user-level management of parallelism},
  author={Anderson, Thomas E and Bershad, Brian N and Lazowska, Edward D and Levy, Henry M},
  journal={ACM Transactions on Computer Systems (TOCS)},
  volume={10},
  number={1},
  pages={53--79},
  year={1992},
  publisher={ACM New York, NY, USA}
}
