@article{vieira2020fast,
  title={Fast packet processing with ebpf and xdp: Concepts, code, challenges, and applications},
  author={Vieira, Marcos AM and Castanho, Matheus S and Pac{\'\i}fico, Racyus DG and Santos, Elerson RS and J{\'u}nior, Eduardo PM C{\^a}mara and Vieira, Luiz FM},
  journal={ACM Computing Surveys (CSUR)},
  volume={53},
  number={1},
  pages={1--36},
  year={2020},
  publisher={ACM New York, NY, USA}
}
